@article{lepetit2009epnp,
  title={Epnp: An accurate o (n) solution to the pnp problem},
  author={Lepetit, Vincent and Moreno-Noguer, Francesc and Fua, Pascal},
  journal={International journal of computer vision},
  volume={81},
  number={2},
  pages={155},
  year={2009},
  publisher={Springer}
}
@inproceedings{tekin2018real,
  title={Real-time seamless single shot 6d object pose prediction},
  author={Tekin, Bugra and Sinha, Sudipta N and Fua, Pascal},
  booktitle={Proceedings of the IEEE Conference on Computer Vision and Pattern Recognition},
  pages={292--301},
  year={2018}
}
@inproceedings{brachmann2017dsac,
  title={DSAC-differentiable RANSAC for camera localization},
  author={Brachmann, Eric and Krull, Alexander and Nowozin, Sebastian and Shotton, Jamie and Michel, Frank and Gumhold, Stefan and Rother, Carsten},
  booktitle={Proceedings of the IEEE Conference on Computer Vision and Pattern Recognition},
  pages={6684--6692},
  year={2017}
}
@article{wu2018image,
  title={Image-based camera localization: an overview},
  author={Wu, Yihong and Tang, Fulin and Li, Heping},
  journal={Visual Computing for Industry, Biomedicine, and Art},
  volume={1},
  number={1},
  pages={1--13},
  year={2018},
  publisher={SpringerOpen}
}
@inproceedings{wu2017delving,
  title={Delving deeper into convolutional neural networks for camera relocalization},
  author={Wu, Jian and Ma, Liwei and Hu, Xiaolin},
  booktitle={2017 IEEE International Conference on Robotics and Automation (ICRA)},
  pages={5644--5651},
  year={2017},
  organization={IEEE}
}
@inproceedings{kehl2017ssd,
  title={SSD-6D: Making RGB-based 3D detection and 6D pose estimation great again},
  author={Kehl, Wadim and Manhardt, Fabian and Tombari, Federico and Ilic, Slobodan and Navab, Nassir},
  booktitle={Proceedings of the IEEE International Conference on Computer Vision},
  pages={1521--1529},
  year={2017}
}
@inproceedings{rad2017bb8,
  title={BB8: A scalable, accurate, robust to partial occlusion method for predicting the 3D poses of challenging objects without using depth},
  author={Rad, Mahdi and Lepetit, Vincent},
  booktitle={Proceedings of the IEEE International Conference on Computer Vision},
  pages={3828--3836},
  year={2017}
}
@inproceedings{redmon2016you,
  title={You only look once: Unified, real-time object detection},
  author={Redmon, Joseph and Divvala, Santosh and Girshick, Ross and Farhadi, Ali},
  booktitle={Proceedings of the IEEE conference on computer vision and pattern recognition},
  pages={779--788},
  year={2016}
}
@inproceedings{speciale2019privacy,
    author={Speciale, Pablo and Sch\"{o}nberger, Johannes Lutz and and Sinha, Sudipta and Pollefeys, Marc},
    title={{Privacy Preserving Image Queries for Camera Localization}},
    booktitle={International Conference on Computer Vision (ICCV)},
    year={2019},
}
@inproceedings{Silberman:ECCV12,
  author    = {Nathan Silberman, Derek Hoiem, Pushmeet Kohli and Rob Fergus},
  title     = {Indoor Segmentation and Support Inference from RGBD Images},
  booktitle = {ECCV},
  year      = {2012}
}
@inproceedings{shotton2013scene,
  title={Scene coordinate regression forests for camera relocalization in RGB-D images},
  author={Shotton, Jamie and Glocker, Ben and Zach, Christopher and Izadi, Shahram and Criminisi, Antonio and Fitzgibbon, Andrew},
  booktitle={Proceedings of the IEEE Conference on Computer Vision and Pattern Recognition},
  pages={2930--2937},
  year={2013}
}
@inproceedings{glocker2013real,
  title={Real-time RGB-D camera relocalization},
  author={Glocker, Ben and Izadi, Shahram and Shotton, Jamie and Criminisi, Antonio},
  booktitle={2013 IEEE International Symposium on Mixed and Augmented Reality (ISMAR)},
  pages={173--179},
  year={2013},
  organization={IEEE}
}
@inproceedings{dai2017scannet,
  title={Scannet: Richly-annotated 3d reconstructions of indoor scenes},
  author={Dai, Angela and Chang, Angel X and Savva, Manolis and Halber, Maciej and Funkhouser, Thomas and Nie{\ss}ner, Matthias},
  booktitle={Proceedings of the IEEE Conference on Computer Vision and Pattern Recognition},
  pages={5828--5839},
  year={2017}
}

